<?xml version="1.0" encoding="UTF-8"?><record xmlns="http://www.loc.gov/MARC21/slim" xmlns:cinclude="http://apache.org/cocoon/include/1.0" xmlns:zs="http://www.loc.gov/zing/srw/">
  <leader>00499cz  a2200121n  4500</leader>
  <controlfield tag="001">n  89242812 </controlfield>
  <controlfield tag="003">DLC</controlfield>
  <controlfield tag="005">19920401170215.2</controlfield>
  <controlfield tag="008">920225n| acannaab|          |n ana |||  </controlfield>
  <datafield tag="010" ind1=" " ind2=" ">
    <subfield code="a">n  89242812 </subfield>
  </datafield>
  <datafield tag="040" ind1=" " ind2=" ">
    <subfield code="a">DLC</subfield>
    <subfield code="c">DLC</subfield>
    <subfield code="d">DLC</subfield>
  </datafield>
  <datafield tag="110" ind1="1" ind2="0">
    <subfield code="a">São Paulo (Brazil : State).</subfield>
    <subfield code="b">Secretaria de Estado do Menor.</subfield>
    <subfield code="b">Assessoria Técnica</subfield>
  </datafield>
  <datafield tag="670" ind1=" " ind2=" ">
    <subfield code="a">Seminário Interno da Secretaria do Menor (1988 : São Paulo, Brazil). Seminário Interno da Secretaria do Menor, 1990:</subfield>
    <subfield code="b">t.p. (Assessoria Técnica da Secretaria do Menor)</subfield>
  </datafield>
</record>